%% This BibTeX bibliography file was created using BibDesk.
%% http://bibdesk.sourceforge.net/


%% Created for Dustin Wheeler at 2019-03-13 15:15:51 -0400 


%% Saved with string encoding Unicode (UTF-8) 



@misc{gaussian16,
	Author = {Frisch, MJ and Trucks, GW and Schlegel, HB and Scuseria, GE and Robb, MA and Cheeseman, JR and Scalmani, G and Barone, V and Petersson, GA and Nakatsuji, H and others},
	Date-Added = {2019-03-13 19:15:49 +0000},
	Date-Modified = {2019-03-13 19:15:49 +0000},
	Howpublished = {\url{http://gaussian.com/gaussian16}},
	Keywords = {hcl_dcl},
	Publisher = {Gaussian, Inc., Wallingford CT},
	Title = {Gaussian 16, Revision B.01},
	Year = {2016}}

@inbook{lewis61,
	Author = {Lewis, GN and Randall, M},
	Date-Added = {2019-03-05 23:48:03 +0000},
	Date-Modified = {2019-03-05 23:48:03 +0000},
	Edition = {2nd},
	Keywords = {hcl_dcl},
	Note = {(revised by KS Pitzer and L. Brewer)},
	Pages = {60 and 419},
	Publisher = {McGraw-Hill, New York},
	Title = {Thermodynamics},
	Year = {1961}}

@book{levine95,
	Author = {Levine, IN},
	Date-Added = {2019-02-28 19:15:38 +0000},
	Date-Modified = {2019-02-28 19:15:38 +0000},
	Edition = {4},
	Keywords = {fluorescence; polymers; hcl_dcl},
	Pages = {469},
	Publisher = {McGraw-Hill, New York},
	Title = {Physical Chemistry},
	Year = {1995}}

@book{atkins94,
	Author = {Atkins, PW},
	Date-Added = {2019-02-28 17:22:12 +0000},
	Date-Modified = {2019-02-28 17:22:12 +0000},
	Edition = {5},
	Keywords = {polymers; fluorescence; hcl_dcl},
	Pages = {795},
	Publisher = {Oxford University Press, Oxford},
	Title = {Physical Chemistry},
	Year = {1994}}

@inbook{bernath95,
	Author = {Bernath, Peter F},
	Chapter = {7},
	Date-Added = {2019-02-28 17:21:20 +0000},
	Date-Modified = {2019-02-28 17:21:20 +0000},
	Keywords = {hcl_dcl},
	Publisher = {Oxford University Press, Oxford},
	Title = {Spectra of Atoms and Molecules},
	Year = {1995}}

@book{herzberg89,
	Author = {Herzberg, G and Spinks, JWT},
	Chapter = {3},
	Date-Added = {2019-02-28 17:21:20 +0000},
	Date-Modified = {2019-02-28 17:21:20 +0000},
	Edition = {2nd},
	Keywords = {hcl_dcl},
	Publisher = {D. Van Nostrand Company},
	Title = {Molecular Spectra and Molecular Structure. I. Spectra of Diatomic Molecules},
	Year = {1989}}

@book{hollas04,
	Author = {Hollas, JM},
	Date-Added = {2019-02-28 17:21:20 +0000},
	Date-Modified = {2019-02-28 17:21:20 +0000},
	Edition = {3rd},
	Keywords = {hcl_dcl},
	Publisher = {John Wiley \& Sons Inc., New York},
	Title = {Modern Spectroscopy},
	Year = {1996}}

@article{kerr82,
	Author = {Kerr, JA and Huber, KP and Herzberg, G},
	Date-Added = {2019-02-28 17:21:20 +0000},
	Date-Modified = {2019-02-28 17:21:20 +0000},
	Journal = {Von Nostrand-Reinhold, New York},
	Keywords = {hcl_dcl},
	Note = {Although out of print, the contents are available as part of the \emph{NIST Chemistry WebBook} at \url{http://webbook.nist.gov}.},
	Title = {Molecular Spectra And Molecular Structure: IV. Constants Of Diatomic Molecules},
	Year = {1982}}

@inbook{levine75,
	Author = {Levine, IN},
	Chapter = {4},
	Date-Added = {2019-02-28 17:21:20 +0000},
	Date-Modified = {2019-02-28 17:21:20 +0000},
	Keywords = {hcl_dcl},
	Publisher = {Wiley-Interscience, New York},
	Title = {Molecular spectroscopy},
	Year = {1975}}

@book{mcquarrie73,
	Author = {McQuarrie, DA},
	Date-Added = {2019-02-28 17:21:20 +0000},
	Date-Modified = {2019-02-28 17:21:20 +0000},
	Edition = {reprint},
	Keywords = {hcl_dcl},
	Publisher = {University Science Books, Sausalito, CA},
	Title = {Statistical Thermodynamics},
	Year = {1985}}

@article{spencer48,
	Author = {Spencer, Hugh M.},
	Date-Added = {2019-02-28 17:21:20 +0000},
	Date-Modified = {2019-03-05 23:48:18 +0000},
	Doi = {10.1021/ie50467a029},
	Journal = {Industrial \& Engineering Chemistry},
	Keywords = {hcl_dcl},
	Number = {11},
	Pages = {2152-2154},
	Title = {Empirical Heat Capacity Equations of Gases and Graphite},
	Volume = {40},
	Year = {1948},
	Bdsk-Url-1 = {https://doi.org/10.1021/ie50467a029}}

@book{steinfeld85,
	Author = {Steinfeld, JI},
	Date-Added = {2019-02-28 17:21:20 +0000},
	Date-Modified = {2019-02-28 17:21:20 +0000},
	Edition = {2nd},
	Keywords = {hcl_dcl},
	Publisher = {MIT Press, Cambridge, MA},
	Title = {Molecules And Radiation: An Introduction To Modern Molecular Spectroscopy},
	Year = {1985}}

@book{nibler14,
	Author = {Nibler, JW and Garland, CW and Stine, KJ and Kim, JE},
	Date-Added = {2019-02-28 17:21:20 +0000},
	Date-Modified = {2019-02-28 17:21:20 +0000},
	Keywords = {hcl_dcl, nmr},
	Publisher = {McGraw-Hill, New York},
	Title = {Experiments in Physical Chemistry},
	Year = {2014}}
