%% This BibTeX bibliography file was created using BibDesk.
%% http://bibdesk.sourceforge.net/


%% Created for Dustin Wheeler at 2019-03-06 11:10:59 -0500 


%% Saved with string encoding Unicode (UTF-8) 



@book{birk73,
	Author = {Birk, JB},
	Date-Added = {2019-03-06 16:10:57 +0000},
	Date-Modified = {2019-03-06 16:10:57 +0000},
	Keywords = {fluorescence},
	Pages = {403},
	Title = {Organic Molecular Photophysics},
	Volume = {1},
	Year = {1973}}

@book{birks70,
	Date-Added = {2019-03-06 16:10:57 +0000},
	Date-Modified = {2019-03-06 16:10:57 +0000},
	Editor = {Birk, JB},
	Keywords = {fluorescence},
	Pages = {518},
	Publisher = {John Wiley Sons Inc., New York},
	Title = {Photophysics of Aromatic Molecules},
	Year = {1970}}

@incollection{noyes61,
	Author = {Noyes, RM},
	Booktitle = {Progress in Reaction Kinetics},
	Date-Added = {2019-03-06 16:10:57 +0000},
	Date-Modified = {2019-03-06 16:10:57 +0000},
	Keywords = {fluorescence},
	Pages = {129--160},
	Publisher = {Pergamon Press,},
	Title = {Effects of diffusion rates on chemical kinetics},
	Volume = {1},
	Year = {1961}}

@book{turro91,
	Date-Added = {2019-03-06 16:10:57 +0000},
	Date-Modified = {2019-03-06 16:10:57 +0000},
	Edition = {1},
	Keywords = {fluorescence},
	Pages = {311},
	Publisher = {Benjamin-Cummings, Menlo Park, CA},
	Title = {Modern Molecular Photochemistry},
	Year = {1978}}

@article{ware66,
	Author = {Ware, William R. and Novros, Joel S.},
	Date-Added = {2019-03-06 16:10:57 +0000},
	Date-Modified = {2019-03-06 16:10:57 +0000},
	Doi = {10.1021/j100882a038},
	Journal = {The Journal of Physical Chemistry},
	Keywords = {fluorescence},
	Number = {10},
	Pages = {3246-3253},
	Title = {Kinetics of Diffusion-Controlled Reactions. An Experimental Test of the Theory as Applied to Fluorescence Quenching},
	Volume = {70},
	Year = {1966},
	Bdsk-Url-1 = {https://doi.org/10.1021/j100882a038}}

@book{halpern97,
	Author = {Halpern, Arthur M},
	Date-Added = {2019-03-06 16:10:57 +0000},
	Date-Modified = {2019-03-06 16:10:57 +0000},
	Keywords = {fluorescence; polymers},
	Publisher = {Prentice Hall, New Jersey},
	Title = {Experimental Physical Chemistry: A Laboratory Textbook},
	Year = {1997}}

@book{noggle96,
	Author = {Noggle, JH},
	Date-Added = {2019-03-06 16:10:57 +0000},
	Date-Modified = {2019-03-06 16:10:57 +0000},
	Edition = {3},
	Keywords = {fluorescence; polymers},
	Pages = {480},
	Publisher = {Harper Collins, New York},
	Title = {Physical Chemistry},
	Year = {1996}}

@book{levine95,
	Author = {Levine, IN},
	Date-Added = {2019-03-06 16:10:57 +0000},
	Date-Modified = {2019-03-06 16:10:57 +0000},
	Edition = {4},
	Keywords = {fluorescence; polymers; hcl_dcl},
	Pages = {469},
	Publisher = {McGraw-Hill, New York},
	Title = {Physical Chemistry},
	Year = {1995}}

@book{alberty92,
	Author = {Alberty, RA and Silbey, RJ},
	Date-Added = {2019-03-06 16:10:57 +0000},
	Date-Modified = {2019-03-06 16:10:57 +0000},
	Edition = {1},
	Keywords = {polymers, fluorescence},
	Pages = {692--696},
	Publisher = {John Wiley Sons Inc., New York},
	Title = {Physical Chemistry},
	Year = {1992}}

@book{atkins94,
	Author = {Atkins, PW},
	Date-Added = {2019-03-06 16:10:57 +0000},
	Date-Modified = {2019-03-06 16:10:57 +0000},
	Edition = {5},
	Keywords = {polymers; fluorescence; hcl_dcl},
	Pages = {795},
	Publisher = {Oxford University Press, Oxford},
	Title = {Physical Chemistry},
	Year = {1994}}
