%% This BibTeX bibliography file was created using BibDesk.
%% http://bibdesk.sourceforge.net/


%% Created for Dustin Wheeler at 2020-01-31 15:06:21 -0500 


%% Saved with string encoding Unicode (UTF-8) 



@inbook{Kaloyerou2018,
	Abstract = {Never be satisfied with a single reading; repeat the measurement. This procedure will improve the precision of results; it can also show up careless mistakes.},
	Address = {Cham},
	Author = {Kaloyerou, Panayiotis Nicos},
	Booktitle = {Basic Concepts of Data and Error Analysis: With Introductions to Probability and Statistics and to Computer Methods},
	Date-Added = {2020-01-22 14:11:44 -0500},
	Date-Modified = {2020-01-22 14:12:20 -0500},
	Doi = {10.1007/978-3-319-95876-7_3},
	Isbn = {978-3-319-95876-7},
	Keywords = {errors},
	Pages = {27--59},
	Publisher = {Springer International Publishing},
	Title = {Error Analysis},
	Url = {https://doi.org/10.1007/978-3-319-95876-7_3},
	Year = {2018},
	Bdsk-Url-1 = {https://doi.org/10.1007/978-3-319-95876-7_3}}


@book{taylor1997error,
	Author = {Taylor, John R},
	Date-Added = {2020-01-31 14:51:57 -0500},
	Date-Modified = {2020-01-31 16:06:51 -0500},
	Edition = {2nd ed.},
	Journal = {Univ. Science Books, Sausalito, California},
	Keywords = {errors},
	Publisher = {University Science Books, Sausalito, CA},
	Title = {An Introduction to Error Analysis},
	Year = {1997}}
